@mastersthesis{kapanen:bsc,
    author = "Kapanen, S.",
    title = {Modeling the neutral density distribution of an {ECR} ion source},
    school = {University of Jyväskylä},
    year = {2015},
    note = {Only in Finnish.},
    type = {Bachelor's thesis}
}

@article{davis:montecarlo,
  author    = "Davis, D. H.",
  title     = {Monte {C}arlo calculation of molecular flow rates through a cylindrical elbow and pipes of other shapes},
  journal   = "Journal of Applied Physics",
  year      = "1960",
  volume    = "31",
  pages     = "1169--1176",
  doi = {10.1063/1.1735797},
}

@article{knudsen:cosine,
    author = {Knudsen, M.},
    title = {Das {C}osinusgesetz in der kinetischen {G}astheorie},
    journal = {Annalen der {P}hysik},
    year = {1915},
    volume = "48",
    pages = {1113--1121},
    addendum = {Translation published: \url{https://ia700804.us.archive.org/2/items/nasa_techdoc_19670015285/19670015285.pdf}. Referenced 9.3.2017.}
}

@article{calder:outgas,
    author    = {Calder, R. and Lewin, G.},
    title     = {Reduction of stainless-steel outgassing in ultra-high vacuum
    },
    journal = "British Journal of Applied Physics",
    volume = "18",
    year      = "1967",
    pages = "1459--1472",
    doi = "10.1088/0508-3443/18/10/313"
}

@article{lotz,
    author = {Lotz, W.},
    title = {An empirical formula for the electron-impact ionization cross-section},
    year = {1967},
    journal = {Zeitschrift für Physik},
    volume = {206},
    pages = {205--211},
    doi = {10.1007/BF01325928}
}

@book{roth:vacuum,
    author =      {Roth, A.},
    title =      {Vacuum technology},
    publisher =      {North-Holland Publishing Company},
    edition = {1st edition},
    year =      "1976",
    annote =      {Perusteos tyhjiötekniikasta. Tästä pääsee selville eri
        virtausalueista, jotka määräytyvät vapaan matkan suhteesta säiliön
        dimensioihin. Hyvä hakuteos, lähdeluettelon perusteella pääsee myös
        alkuperäisartikkelien jäljille. Davisin työhön pohjautuva kappale
        Monte-Carlo-laskennasta.
    }
}

@book{crc,
    author = {Haynes, W. M.},
    title = {{CRC} handbook of chemistry and physics},
    edition = {91st edition},
    publisher = {CRC Press},
    year = {2010}
}

@MastersThesis{saarinen:tyhjio,
    author =      {Saarinen, K.},
    title =      {Tyhjiön mittaaminen},
    school =      {Jyväskylän yliopisto},
    year =      {1981},
    annote =      {Saarinen käy gradussaan läpi eri tyhjiöalueita ja niiden
        mittaamiseen käytettäviä menetelmiä, jotka riippuvat painealueesta.
        Tässä on myös juttua jäännöskaasusta.}
}

@mastersthesis{tarvainen:ecr,
    author = {Tarvainen, O.},
    title = {{ECR}-ionilähteen ionisaatiotehokkuus ja ionisaatioprosessiin vaikuttavat tekijät},
    school = {Jyväskylän yliopisto},
    year = {2002}
}

@mastersthesis{kronholm:ecr,
    author = {Kronholm, R.},
    title = {Nopean kaasunsyöttölaitteiston, paineenmittauksen ja valodiagnostiikan kehittäminen {ECR}-ionilähteeseen},
    school = {Jyväskylän yliopisto},
    year = {2014}
}

@thesis{kronholm:erkka,
    author = {Kronholm, R.},
    title = {Ionisaation ja varauksenvaihdon vaikutusalat},
    year = {2013},
    school = {Jyväskylän yliopisto},
    type = {Erikoistyö}
}

@book{fontell:tyhjiotekniikka,
    author =      {Fontell, A. and Maula, J. and Nieminen, R. and Söderlund, C. and Valli, K. and Vehanen, A. and Vulli, M. and Ylilammi, M.},
    title =      {Tyhjiötekniikka},
    publisher =      {Suomen tyhjiöseura},
    year =      "1986",
    annote =      {En ole vielä saanut tätä käsiini, mutta luultavimmin vastaava
        perusteos kuin Roth mutta suomeksi. Hyödyllinen, jos tarvitsee katsoa
        termien olemassaolevia suomenkielisiä käännöksiä.
    }
}

@Booklet{parker:orings,
    title = {{Parker O-Ring Handbook ORD 5700}},
    year = {2007},
    author = {{Parker Hannifin Corporation}},
    url = {http://www.parker.com/literature/O-Ring\%20Division\%20Literature/ORD\%205700.pdf},
    addendum = {Haettu 10.3.2015.}
}

@online{wong:outgas_rev,
    title = {Review of papers regarding vacuum system and materials},
    author = {Wong, M.},
    year = {2002},
    url = {http://home.fnal.gov/~mlwong/outgas_rev.htm},
    addendum = {Haettu 10.3.2015.}
}

@InProceedings{kalvas:hiisi,
    title = {Thermal design of refridgerated hexapole 18 {GHz ECRIS HIISI}},
    author = {Kalvas, T. and others},
    booktitle = {Proceedings of ECRIS-2014, Nizhny Novgorod, Russia},
    pages = {114--119},
    year = {2014},
    url = {http://accelconf.web.cern.ch/AccelConf/ECRIS2014/papers/weommh04.pdf},
    addendum = {Haettu 25.9.2015.}
}

@InProceedings{koivisto:hiisi,
    title = {{HIISI}, new 18 {GHz ECRIS} for the {JYFL} accelerator laboratory},
    author = {Koivisto, H. and others},
    booktitle = {Proceedings of ECRIS-2014, Nizhny Novgorod, Russia},
    pages = {99--103},
    year = {2014},
    url = {http://accelconf.web.cern.ch/AccelConf/ECRIS2014/papers/tuommh05.pdf},
    addendum = {Haettu 25.9.2015.}
}

@online{jyfl:ionilahteet,
    title = {{JYFL} ionilähderyhmä},
    author = {Jyväskylän yliopisto},
    url = {https://www.jyu.fi/fysiikka/tutkimus/kiihdytin/ionilahteet},
    addendum = {Haettu 22.3.2015.}
}

@online{jyfl:ecris64,
    title = {{JYFL 6.4 GHz ECRIS}},
    author = {Jyväskylän yliopisto},
    url = {https://www.jyu.fi/fysiikka/tutkimus/kiihdytin/ionilahteet/ecr1_html},
    addendum = {Haettu 22.3.2015.}
}

@misc{jyfl:ecris14,
    title = {{JYFL 14 GHz ECRIS}},
    author = {The University of Jyväskylä},
    howpublished = {\url{https://www.jyu.fi/fysiikka/en/research/accelerator/ionsources/ecr2_html/}},
    addendum = {Referenced March 17, 2017.}
}

@misc{cern:molflow,
    title = {Molflow+ -- A {Monte Carlo} simulator package developed at {CERN}},
    author = {CERN},
    url = {http://test-molflow.web.cern.ch},
    addendum = {Haettu 9.4.2015.}
}

@article{kersevan:molflow,
    title = {Introduction to {MOLFLOW+}: New graphical processing unit-based {Monte} {Carlo} code for simulating molecular flows and for calculating angular coefficients in the compute unified device architecture environment},
    author = {Kersevan, R. and Pons, J.-L.},
    year = {2009},
    journal = {Journal of Vacuum Science \& Technology A},
    volume = {27},
    pages = {1017--1023},
    doi = {10.1116/1.3153280}
}

@techreport{sandia:accom,
    author = {Rader, D. J. and Trott, W. M. and Torczynski, J. R. and Castañeda, J. N. and Grasser, T. W.},
    institution = {Sandia National Laboratories},
    title = {Measurements of thermal accommodation coefficients},
    year = {2005},
    url = {http://prod.sandia.gov/techlib/access-control.cgi/2005/056084.pdf},
    addendum = {Haettu 4.5.2015.}
}

@online{nist:ionization,
    title = {Electron-impact cross section database},
    author = {NIST},
    year = {2005},
    url = {http://www.nist.gov/pml/data/ionization/index.cfm},
    addendum = {Haettu 4.5.2015.}
}

@article{koivisto:mivoc,
    title = {Metal ions from the volatile compounds method for the production of metal ion beams},
    author = {Koivisto, H. and Ärje, J. and Nurmia, M.},
    year = {1998},
    journal = {Review of Scientific Instruments},
    volume = {69},
    pages = {785--787},
    doi = {10.1063/1.1148539}
}

@phdthesis{tarvainen:phd,
    title = {Studies of electron cyclotron resonance plasma physics},
    author = {Tarvainen, O.},
    year = {2005},
    school = {Jyväskylän yliopisto}
}

@book{geller:ecr,
    title = {Electron cyclotron resonance ion sources and {ECR} plasmas},
    author = {Geller, R.},
    year = {1996},
    publisher = {Institute of Physics Publishing}
}

@misc{flannelhead:molecularflow,
    title = {flannelhead/molecularflow},
    author = {Kapanen, S.},
    year = {2015},
    url = {https://github.com/flannelhead/molecularflow}
}

@misc{python,
    title = {Python.org},
    url = {https://www.python.org/},
    addendum = {Haettu 15.7.2015.}
}

@misc{scipy,
    title = {SciPy.org},
    url = {http://www.scipy.org/},
    addendum = {Haettu 15.7.2015.}
}

@book{taylor,
    title = {An introduction to error analysis},
    year = {1997},
    author = {Taylor, J. R.},
    edition = {Second edition},
    publisher = {University Science Books}
}

@article{recommended_ionization,
    title = {Recommended Data on the Electron Impact Ionization of Atoms and Ions: Fluorine to Nickel},
    author = {Lennon, M. A. and Bell, K. L. and Gilbody, H. B. and Hughes, J. G. and Kingston, A. E. and Murray, M. J. and Smith, F. J.
    },
    year = {1988},
    journal = {Journal of Physical and Chemical Reference Data},
    volume = {17},
    pages = {1285--1363},
    doi = {10.1063/1.555809}
}

@article{cex,
    title = {Charge exchange cross sections of argon ions colliding with rare gas targets at ke{V} energies},
    author = {Bliman, S. and Dousson, S. and Jacquot, B. and Van Houtte, D.},
    year = {1981},
    journal = {Journal de Physique},
    volume = {42 (10)},
    pages = {1387 -- 1391},
    doi = {10.1051/jphys:0198100420100138700}
}

@misc{nist:recombination,
    title = {Radiative and Dielectronic recombination},
    howpublished = {\url{https://www.nist.gov/pml/quantum-measurement/atomic-spectroscopy/radiative-and-dielectronic-recombination}},
    note = {Referenced March 14, 2017.}
}

@misc{iaea:flychk,
    title = {{FLYCHK} Rate Coefficients},
    howpublished = {\url{https://www-amdis.iaea.org/FLYCHK/RATES/index.php}},
    note = {Referenced March 14, 2017.}
}

@misc{cgal,
    title = {{The Computational Geometry Algorithms Library}},
    howpublished = {\url{http://www.cgal.org/}},
    note = {Referenced March 15, 2017.}
}

@misc{gsl,
    title = {{GSL - GNU Scientific Library}},
    howpublished = {\url{https://www.gnu.org/software/gsl/}},
    note = {Referenced March 15, 2017.}
}

@misc{openscad,
    title = {{OpenSCAD - The Programmers Solid 3D CAD Modeller}},
    howpublished = {\url{http://www.openscad.org/}},
    note = {Referenced March 17, 2017.}
}

@misc{kapanen:git,
    title = {{Simulation code {Git} repository}},
    author = {S. Kapanen},
    howpublished = {\url{https://yousource.it.jyu.fi/erkka/samakapa-erkka}},
    note = {Referenced March 20, 2017.}
}

